<record><leader>00000cas a2200000 a 4500</leader><controlfield tag="001">1644510</controlfield><controlfield tag="008">750921d18711939nbumr ne      0   a0dak c</controlfield><datafield ind1=" " ind2=" " tag="010"><subfield code="a">sn 95063058 </subfield></datafield><datafield ind1=" " ind2=" " tag="040"><subfield code="a">MUL</subfield><subfield code="b">eng</subfield><subfield code="c">MUL</subfield><subfield code="d">NOP</subfield><subfield code="d">CNW</subfield><subfield code="d">NVG</subfield><subfield code="d">SXN</subfield><subfield code="d">OCL</subfield><subfield code="d">NYS</subfield><subfield code="d">OCLCG</subfield><subfield code="d">OCLCQ</subfield><subfield code="d">OCLCF</subfield><subfield code="d">OCLCO</subfield><subfield code="d">OCLCQ</subfield></datafield><datafield ind1="0" ind2=" " tag="041"><subfield code="a">dak</subfield><subfield code="a">eng</subfield></datafield><datafield ind1=" " ind2=" " tag="042"><subfield code="a">pcc</subfield></datafield><datafield ind1=" " ind2=" " tag="043"><subfield code="a">n-us-sd</subfield><subfield code="a">n-us-nb</subfield></datafield><datafield ind1=" " ind2="4" tag="050"><subfield code="a">E75</subfield><subfield code="b">.I37</subfield></datafield><datafield ind1="0" ind2=" " tag="130"><subfield code="a">Iapi oaye (Greenwood, S.D.)</subfield></datafield><datafield ind1="1" ind2="0" tag="245"><subfield code="a">Iapi oaye.</subfield></datafield><datafield ind1="1" ind2=" " tag="246"><subfield code="i">Issues for 1873-1883 and Oct. 28, 1936-Dec. 1938 have English title:</subfield><subfield code="a">Word carrier</subfield></datafield><datafield ind1="1" ind2="3" tag="246"><subfield code="a">Iape oaye</subfield></datafield><datafield ind1=" " ind2=" " tag="260"><subfield code="a">Greenwood, D.T. [S.D.] :</subfield><subfield code="b">Dakota Mission,</subfield><subfield code="c">1871-1939.</subfield></datafield><datafield ind1=" " ind2=" " tag="300"><subfield code="a">68 volumes :</subfield><subfield code="b">illustrations ;</subfield><subfield code="c">30-40 cm</subfield></datafield><datafield ind1=" " ind2=" " tag="310"><subfield code="a">Monthly,</subfield><subfield code="b">July 1937-&lt;1939&gt;</subfield></datafield><datafield ind1=" " ind2=" " tag="321"><subfield code="a">Monthly,</subfield><subfield code="b">1871-Sept. 1936</subfield></datafield><datafield ind1=" " ind2=" " tag="321"><subfield code="a">Weekly,</subfield><subfield code="b">Oct. 15 1936-June 23, 1937</subfield></datafield><datafield ind1=" " ind2=" " tag="336"><subfield code="a">text</subfield><subfield code="b">txt</subfield><subfield code="2">rdacontent</subfield></datafield><datafield ind1=" " ind2=" " tag="337"><subfield code="a">unmediated</subfield><subfield code="b">n</subfield><subfield code="2">rdamedia</subfield></datafield><datafield ind1=" " ind2=" " tag="338"><subfield code="a">volume</subfield><subfield code="b">nc</subfield><subfield code="2">rdacarrier</subfield></datafield><datafield ind1="0" ind2=" " tag="362"><subfield code="a">Vol. 1, no. 1 (May 1871)-</subfield></datafield><datafield ind1="1" ind2=" " tag="362"><subfield code="a">Ceased with v. 68, no. 7 (Mar. 1939).</subfield></datafield><datafield ind1=" " ind2=" " tag="500"><subfield code="a">Published in Greenwood, S.D., May 1871-Dec. 1887; and in: Santee, Neb., Jan. 1888-&lt;1939&gt;.</subfield></datafield><datafield ind1=" " ind2=" " tag="500"><subfield code="a">Editor: John P. Williamson.</subfield></datafield><datafield ind1=" " ind2=" " tag="500"><subfield code="a">"Taku waste okiya, taku sica kipajiu."</subfield></datafield><datafield ind1=" " ind2=" " tag="515"><subfield code="a">Numbering changed on Aug. 1937 issue to correspond with English edition.</subfield></datafield><datafield ind1=" " ind2=" " tag="546"><subfield code="a">Text in Dakota in the Santee dialect, 1871-Jun 1872 and 1884-1887.</subfield></datafield><datafield ind1=" " ind2=" " tag="546"><subfield code="a">Vols. 2-12 (1873-1883) and v. 65, no. 9 (Oct. 28, 1936)-v. 68, no. 4 (Dec. 1938) have sections in English.</subfield></datafield><datafield ind1=" " ind2=" " tag="580"><subfield code="a">English ed.: Word carrier, 1884-1903, and: Word carrier of Santee Normal Training School, 1903-&lt;1939&gt;.</subfield></datafield><datafield ind1=" " ind2="0" tag="650"><subfield code="a">Dakota Indians</subfield><subfield code="v">Newspapers.</subfield></datafield><datafield ind1=" " ind2="0" tag="650"><subfield code="a">Dakota Indians</subfield><subfield code="x">Missions</subfield><subfield code="v">Newspapers.</subfield></datafield><datafield ind1=" " ind2="0" tag="651"><subfield code="a">Dakota Territory</subfield><subfield code="x">History</subfield><subfield code="v">Newspapers.</subfield></datafield><datafield ind1=" " ind2="0" tag="651"><subfield code="a">Greenwood (S.D.)</subfield><subfield code="v">Newspapers.</subfield></datafield><datafield ind1=" " ind2="0" tag="651"><subfield code="a">Charles Mix County (S.D.)</subfield><subfield code="v">Newspapers.</subfield></datafield><datafield ind1=" " ind2="0" tag="651"><subfield code="a">Santee (Neb.)</subfield><subfield code="v">Newspapers.</subfield></datafield><datafield ind1=" " ind2="0" tag="651"><subfield code="a">Knox County (Neb.)</subfield><subfield code="v">Newspapers.</subfield></datafield><datafield ind1=" " ind2="7" tag="650"><subfield code="a">Dakota Indians.</subfield><subfield code="2">fast</subfield><subfield code="0">(OCoLC)fst00887107</subfield></datafield><datafield ind1=" " ind2="7" tag="650"><subfield code="a">Dakota Indians</subfield><subfield code="x">Missions.</subfield><subfield code="2">fast</subfield><subfield code="0">(OCoLC)fst00887128</subfield></datafield><datafield ind1=" " ind2="7" tag="651"><subfield code="a">Nebraska</subfield><subfield code="z">Knox County.</subfield><subfield code="2">fast</subfield><subfield code="0">(OCoLC)fst01222830</subfield></datafield><datafield ind1=" " ind2="7" tag="651"><subfield code="a">Nebraska</subfield><subfield code="z">Santee.</subfield><subfield code="2">fast</subfield><subfield code="0">(OCoLC)fst01260569</subfield></datafield><datafield ind1=" " ind2="7" tag="651"><subfield code="a">South Dakota</subfield><subfield code="z">Charles Mix County.</subfield><subfield code="2">fast</subfield><subfield code="0">(OCoLC)fst01215817</subfield></datafield><datafield ind1=" " ind2="7" tag="651"><subfield code="a">South Dakota</subfield><subfield code="z">Greenwood.</subfield><subfield code="2">fast</subfield><subfield code="0">(OCoLC)fst01260967</subfield></datafield><datafield ind1=" " ind2="7" tag="651"><subfield code="a">United States</subfield><subfield code="z">Dakota Territory.</subfield><subfield code="2">fast</subfield><subfield code="0">(OCoLC)fst01228148</subfield></datafield><datafield ind1=" " ind2="7" tag="655"><subfield code="a">History.</subfield><subfield code="2">fast</subfield><subfield code="0">(OCoLC)fst01411628</subfield></datafield><datafield ind1=" " ind2="7" tag="655"><subfield code="a">Newspapers.</subfield><subfield code="2">fast</subfield><subfield code="0">(OCoLC)fst01423814</subfield></datafield><datafield ind1="1" ind2=" " tag="700"><subfield code="a">Williamson, John Poage,</subfield><subfield code="d">1835-1917.</subfield></datafield><datafield ind1=" " ind2=" " tag="752"><subfield code="a">United States</subfield><subfield code="b">Nebraska</subfield><subfield code="c">Knox</subfield><subfield code="d">Santee.</subfield></datafield><datafield ind1=" " ind2=" " tag="752"><subfield code="a">United States</subfield><subfield code="b">South Dakota</subfield><subfield code="c">Charles Mix</subfield><subfield code="d">Greenwood.</subfield></datafield><datafield ind1="1" ind2=" " tag="775"><subfield code="t">Word carrier</subfield><subfield code="w">(DLC)sn 96080196</subfield><subfield code="w">(OCoLC)5380388</subfield></datafield><datafield ind1="1" ind2=" " tag="775"><subfield code="t">Word carrier of Santee Normal Training School</subfield><subfield code="w">(DLC)sn 96080197</subfield><subfield code="w">(OCoLC)8329957</subfield></datafield><datafield ind1="1" ind2=" " tag="029"><subfield code="a">AU@</subfield><subfield code="b">000020367541</subfield></datafield></record>